@ARTICLE{Mahrt1987,
       author = {{Mahrt}, L. and {Gamage}, N.},
        title = "{Observations of Turbulence in Stratified Flow}",
      journal = {Journal of Atmospheric Sciences},
         year = 1987,
        month = apr,
       volume = {44},
       number = {7},
        pages = {1106-1122},
          doi = {10.1175/1520-0469(1987)044<1106:OOTISF>2.0.CO;2},
}
@ARTICLE{Ohata1989,
       author = {{Ohata}, Tetsuo},
        title = "{Katabatic Wind on Melting Snow and Ice Surfaces (I) Stationary Glacier Wind on a Large Maritime Glacier}",
      journal = {Journal of the Meteorological Society of Japan},
         year = 1989,
        month = jan,
       volume = {67},
       number = {1},
        pages = {99-112},
          doi = {10.2151/jmsj1965.67.1\_99},
}

